%% This BibTeX bibliography file was created using BibDesk.
%% http://bibdesk.sourceforge.net/


%% Created for Peacock, Richard D. Mr. at 2015-03-10 10:22:17 -0400


%% Saved with string encoding Unicode (UTF-8)



@techreport{CFAST_Valid_Guide_6,
	Address = {Gaithersburg, Maryland},
	Author = {Peacock, R. D. and Reneke, P. A.},
	Date-Added = {2015-03-10 14:19:34 +0000},
	Date-Modified = {2015-03-10 14:19:34 +0000},
	Institution = {National Institute of Standards and Technology},
	Month = {December},
	Number = {1086r1},
	Title = {{CFAST} -- {Consolidated Fire And Smoke Transport (Version 6): Software Development and Model Evaluation Guide}},
	Type = {Special Publication},
	Year = 2012}

@techreport{CFAST_Users_Guide_6,
	Address = {Gaithersburg, Maryland},
	Author = {Peacock, R. D. and and Reneke, P. A. and Forney, G. P.},
	Date-Added = {2015-03-10 14:15:29 +0000},
	Date-Modified = {2015-03-10 14:18:06 +0000},
	Institution = {National Institute of Standards and Technology},
	Month = {December},
	Number = {1041r1},
	Title = {{CFAST} -- {Consolidated Fire And Smoke Transport (Version 6): User's Guide}},
	Type = {Special Publication},
	Year = 2012}

@techreport{CFAST_Tech_Guide_7,
	Address = {Gaithersburg, Maryland},
	Author = {R.D. Peacock and K.B. McGrattan and G.P. Forney and P.A. Reneke},
	Date-Added = {2015-03-10 13:50:30 +0000},
	Date-Modified = {2015-03-10 14:15:21 +0000},
	Institution = {National Institute of Standards and Technology},
	Month = {July},
	Number = {xxxx},
	Title = {{CFAST} -- {Consolidated Fire And Smoke Transport (Version 7) Volume 2: Technical Reference Guide}},
	Type = {Technical Note},
	Year = 2015}

@article{Cooper:1990b,
	Author = {Cooper, L. Y.},
	Date-Added = {2014-12-23 16:26:45 +0000},
	Date-Modified = {2014-12-23 16:29:30 +0000},
	Journal = {Fire Safety Journal},
	Pages = {137-163},
	Title = {{Estimating the Environment and the Response of Sprinkler Links in Compartment Fires with Draft Curtains and Fusible Link-Actuated Ceiling Vents -- Theory}},
	Volume = {16},
	Year = {1990}}

@book{Holman:1990,
	Author = {Holman, J. P.},
	Date-Added = {2014-12-16 18:07:08 +0000},
	Date-Modified = {2014-12-16 18:08:22 +0000},
	Publisher = {McGraw-Hill Book Company},
	Title = {{Heat Transfer}},
	Year = {1990}}

@article{Spiegelhalter:Biometrika1983,
	Author = {Spiegelhalter, D. J.},
	Date-Added = {2014-12-11 15:03:27 +0000},
	Date-Modified = {2014-12-11 15:05:43 +0000},
	Journal = {Biometrika},
	Number = {2},
	Pages = {401-409},
	Title = {{Diagnostic test of distributional shape}},
	Volume = {70},
	Year = {1983}}

@techreport{FDS_Validation_Guide_6,
	Address = {Gaithersburg, Maryland},
	Author = {McGrattan, K.B. and Hostikka, S. and McDermott, R. and Floyd, J.E. and Weinschenk, C. and Overholt, K.},
	Date-Added = {2014-12-11 14:59:22 +0000},
	Date-Modified = {2014-12-11 15:01:46 +0000},
	Institution = {National Institute of Standards and Technology},
	Month = {September},
	Number = {1018 Sixth Edition},
	Title = {{Fire Dynamics Simulator, Technical Reference Guide, Volume 3: Validation}},
	Type = {NIST Special Publication},
	Year = 2014}

@techreport{DOE_Guidance_Report,
	Address = {1000 Independence Ave., S.W., Washington DC 20585-2040},
	Date-Added = {2014-07-15 18:31:25 +0000},
	Date-Modified = {2014-07-15 18:33:39 +0000},
	Institution = {U.S. Department of Energy},
	Month = {October},
	Number = {DOE-EH-4.2.1.3},
	Title = {{CFAST Computer Code Application Guidance for Documented Safety Analysis}},
	Year = {2009}}

@article{Koylu:1991,
	Author = {Koylu, U.O. and Faeth, G.M.},
	Date-Added = {2014-01-31 14:33:00 +0000},
	Date-Modified = {2014-01-31 14:34:31 +0000},
	Journal = {Combustion and Flame},
	Pages = {61-76},
	Title = {{Carbon Monoxide and Soot Emissions from Liquid-Fueled Buoyant Turbulent Diffusion Flames}},
	Volume = {87},
	Year = {1991}}

@inbook{Schifiliti:2002,
	Address = {Quincy, Massachusetts},
	Author = {R.L.P. Custer and B.J. Meacham and R.P. Schifiliti},
	Chapter = {{Design of Detection Systems}},
	Edition = {Fourth},
	Publisher = {National Fire Protection Association},
	Title = {SFPE Handbook of Fire Protection Engineering},
	Year = 2008}

@inbook{Emmons:SFPE,
	Address = {Quincy, Massachusetts},
	Author = {H.W. Emmons and T. Tanaka},
	Chapter = {{Vent Flows}},
	Edition = {Fourth},
	Publisher = {National Fire Protection Association},
	Title = {SFPE Handbook of Fire Protection Engineering},
	Year = 2008}

@inproceedings{Jin:1979,
	Author = {T. Jin},
	Booktitle = {Systems Approach to Fire Safety in Buildings. Volume 2. Session 3. Active Systems Performance and Criteria: Smoke Control, Detection, Sprinklers. Session 4. Passive Systems Performance and Criteria: Combustibles, Fire Resistance.},
	Pages = {73-78},
	Publisher = {Tsukuba, Japan},
	Title = {{Evaluation of Fire Exit Signs in Smoke}},
	Year = {1979}}

@manual{GPO:Atmosphere,
	Address = {Washington, DC},
	Date-Added = {2013-09-26 15:45:31 +0000},
	Date-Modified = {2013-09-26 15:46:47 +0000},
	organization = {U.S. Government Printing Office},
	Title = {{U.S. Standard Atmosphere}},
	Year = {1976}}

@techreport{Smokeview_Users_Guide_6,
	Address = {Gaithersburg, Maryland},
	Author = {Forney, G. P.},
	Date-Added = {2013-09-26 13:27:06 +0000},
	Date-Modified = {2013-09-26 13:29:14 +0000},
	Institution = {National Institute of Standards and Technology},
	Month = {June},
	Number = {1017-1},
	Title = {{Smokeview (Version 6) - A Tool for Visualizing Fire Dynamics Simulation Data, Volume I: User's Guide}},
	Type = {Special Publication},
	Year = 2012}

@techreport{Sjostrom:AST,
	Address = {B\r{o}ras, Sweden},
	Author = {J. Sj\"{o}str\"{o}m and A. Bystr\"{o}m and U. Wickstr\"{o}m},
	Date-Added = {2013-09-24 16:47:30 +0000},
	Date-Modified = {2013-09-24 16:47:30 +0000},
	Institution = {SP Technical Research Institute of Sweden},
	Note = {ISBN: 978-91-87017-21-6},
	Number = {2012:04},
	Title = {{Large scale test on thermal exposure to steel column exposed to pool fires}},
	Year = {2012}}

@mastersthesis{Opert:2012,
	Author = {Opert,K.M.},
	Date-Added = {2013-09-24 16:38:57 +0000},
	Date-Modified = {2013-09-24 16:40:51 +0000},
	School = {{University of Maryland}},
	Title = {{Assesment of Natural Vertical Ventilation for Smoke and Hot Gas Layer Control in a Residential Scale Structure}},
	Year = {2012}}

@techreport{Sheppard:1,
	Author = {Sheppard, D.T. and Steppan, D.R.},
	Date-Added = {2013-04-30 13:58:38 +0000},
	Date-Modified = {2013-04-30 13:58:38 +0000},
	Institution = {Underwriters Laboratories, Northbrook, Illinois},
	Month = {May},
	Title = {Sprinkler, {H}eat \& {S}moke {V}ent, {D}raft {C}urtain {P}roject -- {P}hase 1 {S}coping {T}ests},
	Year = {1997}}

@techreport{NRCNUREG1805,
	Address = {Rockville, MD},
	Date-Added = {2013-02-20 15:38:44 +0000},
	Date-Modified = {2013-02-20 15:40:47 +0000},
	Institution = {U. S. Nuclear Regulatory Commission, Office of Nuclear Regulatory Research},
	Number = {1805},
	Title = {{Fire Dynamics tools (FDTs), Quantitative Fire Hazard Analysis Methods for the U.S. Nuclear Regulatory Commission Fire Protection Inspection Program}},
    author = {N. Iqbal and M.H. Salley},
	Type = {{NUREG}},
	Year = {2004}}

@techreport{Wickstrom_AST,
	Address = {B\r{o}ras, Sweden},
	Author = {Wickstr\"{o}m, U. and Jansson, R. and Tuovinen, H.},
	Institution = {SP Technical Research Institute of Sweden},
	Number = {2009:19},
	Title = {{Verification fire tests on using the adiabatic surface temperature for predicting heat transfer}},
	Year = {2009}}

@techreport{Bukowski:1,
	Address = {Gaithersburg, Maryland},
	Author = {Bukowski, R.W. and Peacock, R.D. and Averill, J.D. and Cleary, T.G. and Bryner, N.P. and Walton, W.D. and Reneke, P.A. and Kuligowski, E.D.},
	Date-Added = {2013-02-05 20:37:44 +0000},
	Date-Modified = {2013-02-05 20:37:44 +0000},
	Institution = {National Institute of Standards and Technology},
	Month = {February},
	Title = {{Performance of Home Smoke Alarms Analysis of the Response of Several Available Technologies in Residential Fire Settings}},
	Type = {{NIST Technical Note 1455-1}},
	Year = {2008}}

@techreport{Sheppard:Corridors,
	Author = {Sheppard, D.T. and Klein, B.W.},
	Date-Added = {2013-01-30 13:41:09 +0000},
	Date-Modified = {2013-01-30 13:41:09 +0000},
	Institution = {ATF Laboratories, Ammendale, Maryland},
	Title = {{Burn Tests in Two Story Structure with Hallways}},
	Year = {2009}}

@techreport{NIST_NCSTAR_1-5B,
	Address = {Gaithersburg, Maryland},
	Author = {Hamins, A. and Maranghides, A. and McGrattan, K.B. and Johnsson, E. and Ohlemiller, T. and Donnelly, M. and Yang, J. and Mulholland, G. and Prasad, K. and Kukuck, S. and Anleitner, R. and McAllister, T.},
	Date-Added = {2012-12-31 17:46:55 +0000},
	Date-Modified = {2012-12-31 17:46:55 +0000},
	Institution = {National Institute of Standards and Technology},
	Month = {September},
	Number = {1-5B},
	Title = {{Federal Building and Fire Safety Investigation of the World Trade Center Disaster: Experiments and Modeling of Structural Steel Elements Exposed to Fire}},
	Type = {NIST NCSTAR},
	Year = {2005}}

@techreport{Vettori:1,
	Address = {Gaithersburg, Maryland},
	Author = {Vettori, R.},
	Date-Added = {2012-12-04 14:58:40 +0000},
	Date-Modified = {2012-12-04 14:58:40 +0000},
	Institution = {National Institute of Standards and Technology},
	Month = {November},
	Number = {6253},
	Title = {{Effect of an Obstructed Ceiling on the Activation Time of a Residential Sprinkler}},
	Type = {NISTIR},
	Year = {1998}}

@techreport{Foote:LLNL1986,
	Author = {K.L. Foote},
	Date-Added = {2012-12-03 20:22:54 +0000},
	Date-Modified = {2012-12-03 20:22:54 +0000},
	Institution = {Lawrence Livermore National Laboratory},
	Month = {August},
	Number = {UCID-21236},
	Title = {{1986 LLNL Enclosure Fire Tests Data Report}},
	Year = 1987}

@techreport{Steckler_Coefficients,
	Address = {Gaithersburg, Maryland},
	Author = {Steckler, K. D and Baum, H.R. and Quintiere, J. G.},
	Date-Added = {2012-12-03 18:53:42 +0000},
	Date-Modified = {2012-12-03 18:56:20 +0000},
	Institution = {National Bureau of Standards},
	Month = {March},
	Number = {83-2801},
	Title = {{Fire Induced Flows Through Room Openings -- Flow Coefficients}},
	Type = {NBSIR},
	Year = {1984}}

@techreport{NRCNUREG1934,
	Address = {Rockville, MD},
	Date-Added = {2011-06-30 09:57:21 -0400},
	Date-Modified = {2011-06-30 09:58:25 -0400},
	Institution = {U. S. Nuclear Regulatory Commission, Office of Nuclear Regulatory Research},
	Month = {January},
	Number = {1934},
	Title = {{Nuclear Power Plant Fire Modeling Application Guide (NPP FIRE MAG)}},
	Type = {{NUREG}},
	Year = {2010}}

@techreport{Gross:1985,
	Address = {Gaithersburg, Maryland,},
	Author = {Gross, D.},
	Date-Added = {2011-06-30 09:35:12 -0400},
	Date-Modified = {2011-06-30 09:38:14 -0400},
	Institution = {National Institute of Standards and Technology},
	Number = {NISTIR 85-3223},
	Title = {'Data Sources for Parameters Used for Predictive Modeling of Fire and Smoke Spread'},
	Type = {Internal Report},
	Year = {1985}}

@inproceedings{Andersson:2005,
	Author = {P. Andersson and P. Van Hees},
	Booktitle = {Fire Safety Science -- Proceedings of the Eighth International Symposium},
	Pages = {1121-1132},
	Publisher = {International Association of Fire Safety Science},
	Title = {{Performance of Cables Subjected to Elevated Temperatures}},
	Year = {2005}}

@techreport{CAROLFIRE,
	Address = {Washington, DC},
	Author = {S.P. Nowlen and F.J. Wyant and K.B. McGrattan},
	Institution = {United States Nuclear Regulatory Commission},
	Month = {April},
	Number = {6931},
	Title = {{Cable Response to Live Fire (CAROLFIRE)}},
	Type = {NUREG/CR},
	Year = {2008}}

@techreport{Davis:1996,
	Address = {Gaithersburg, Maryland},
	Author = {Davis, W. D. and Notarianni, K. A.},
	Date-Added = {2012-12-04 14:58:40 +0000},
	Date-Modified = {2012-12-04 14:58:40 +0000},
	Institution = {National Institute of Standards and Technology},
	Month = {November},
	Number = {5798},
	Title = {{NASA Fire Detector Study}},
	Type = {NISTIR},
	Year = {1996}}

@article{Davis:2000,
	Author = {Davis, W. D. and Notarianni, K. A. and Tapper, P. Z.},
	Date-Added = {2009-03-20 20:00:14 -0400},
	Date-Modified = {2009-03-20 20:01:46 -0400},
	Journal = {Journal of Fire Protection Engineering},
	Number = {3},
	Pages = {23-31},
	Title = {{An Algorithm for Calculating the Plume Centerline Temperature in the Presence of a Hot Upper Layer}},
	Volume = {10},
	Year = {2000}}

@techreport{Gott:1997,
	Address = {Gaithersburg, Maryland},
	Author = {Gott, J. E. and Lowe, D. L. and Notarianni, K. A. and Davis, W. D.},
	Date-Added = {2009-03-20 19:57:07 -0400},
	Date-Modified = {2009-03-20 19:59:11 -0400},
	Institution = {National Institute of Standards and Technology},
	Month = {February},
	Number = {1423},
	Title = {{Analysis of High Bay Hangar Facilities for Fire Detector Sensitivity and Placement}},
	Type = {Technical Note},
	Year = {1997}}

@inproceedings{Baum:1989,
	Address = {Tokyo, Japan},
	Author = {Baum, H.R. and McCaffrey, B. J.},
	Booktitle = {Fire Safety Science. Proceedings. 2nd International Symposium},
	Date-Added = {2009-03-16 16:03:50 -0400},
	Date-Modified = {2009-03-16 16:07:21 -0400},
	Editor = {Wakamatsu, T. and Hasemi, Y. and Sekizawa, A. and Seeger, P. G.},
	Month = {June 13-17},
	Organization = {International Association for Fire Safety Science},
	Pages = {129-148},
	Publisher = {Hemisphere Publishing Corporation},
	Title = {{Fire Induced Flow Field: Theory and Experiment}},
	Year = {1989}}

@inproceedings{Bukowski:1998,
	Address = {Orlando, Florida},
	Author = {R.W. Bukowski and J.D. Averill},
	Booktitle = {Proceedings of the Fire Suppression and Detection Research Application Symposium, Research and Practice, Bridging the Gap},
	Month = {February},
	Organization = {National Fire Protection Research Foundation},
	Pages = {64-72},
	Publisher = {National Fire Protection Association, Quincy, Massachusetts},
	Title = {{Methods for Predicting Smoke Detector Activation}},
	Year = 1998}

@article{Evans:1984,
	Author = {Evans, D. D.},
	Date-Added = {2009-03-09 11:02:25 -0400},
	Date-Modified = {2009-03-09 11:04:08 -0400},
	Journal = {Fire Technology},
	Number = {3},
	Pages = {39 - 63},
	Title = {{Calculating Fire Plume Characteristics in a Two Layer Environment}},
	Volume = {20},
	Year = {1984}}

@article{Poreh:1998,
	Author = {M. Poreh and H.P. Morgan and N.R. Marshall and R. Harrison},
	Journal = {Fire Safety Journal},
	Pages = {1-19},
	Title = {{Entrainment by Two-Dimensional Spill Plumes}},
	Volume = 30,
	Year = 1998}

@article{Zukoski:1981,
	Author = {Zukoski, E. E. and Kubota, T. and Cetegen, B. M.},
	Date-Added = {2008-12-09 09:02:13 -0500},
	Date-Modified = {2009-03-09 11:23:55 -0400},
	Journal = {Fire Safety Journal},
	Pages = {107 - 121},
	Title = {{Entrainment in Fire Plumes}},
	Volume = {3},
	Year = {1981}}

@article{Heskestad:1984,
	Author = {Heskestad, G.},
	Date-Added = {2008-12-09 09:00:14 -0500},
	Date-Modified = {2008-12-09 09:00:56 -0500},
	Journal = {Fire Safety Journal},
	Pages = {25-32},
	Title = {{Engineering Relations for Fire Plumes}},
	Volume = {7},
	Year = {1984}}

@article{Morton:1956,
	Author = {Morton, B. R. and Taylor, G. and Turner, J. S.},
	Date-Added = {2008-12-09 08:33:19 -0500},
	Date-Modified = {2008-12-09 08:58:26 -0500},
	Journal = {Proceedings of the Royal Society of London. Series A, Mathematical and Physical Sciences},
	Month = {January 24},
	Number = {1196},
	Pages = {1-23},
	Title = {{Turbulent Gravitational Convection from Maintained and Instantaneous Sources}},
	Volume = {234},
	Year = {1956}}

@techreport{Jones:2008,
	Author = {Jones, W. W. and Peacock, R. D.},
	Date-Added = {2008-12-09 08:22:49 -0500},
	Date-Modified = {2008-12-09 08:24:03 -0500},
	Institution = {National Institute of Standards and Technology},
	Number = {7498},
	Title = {{Using CFAST to Estimate the Efficiency of Filtering Particulates in a Building}},
	Type = {NISTIR},
	Year = {2008}}

@techreport{Gwynne:2000,
	Author = {Gwynne, S. and Galea, E. R. and Lawrence, P. and Filippidis, L.},
	Date-Added = {2008-12-08 15:25:50 -0500},
	Date-Modified = {2008-12-08 15:27:41 -0500},
	Institution = {University of Greenwich},
	Number = {00/IM/54},
	Title = {{Modelling Occupant Interaction with Fire Conditions Using the buildingEXODUS Evacuation Model}},
	Year = {2000}}

@article{Thompson:1996,
	Author = {Thompson, P. A. and Wu, J. and Marchant, E. W.},
	Date-Added = {2008-12-08 15:23:57 -0500},
	Date-Modified = {2008-12-08 15:25:17 -0500},
	Journal = {Fire Engineering},
	Number = {185},
	Pages = {7-11},
	Title = {{Modelling Evacuation in Multi-storey Buildings with Simulex}},
	Volume = {56},
	Year = {1996}}

@article{Babrauskas:1992,
	Author = {Babrauskas, V. and Peacock, R. D.},
	Date-Added = {2008-12-08 12:17:47 -0500},
	Date-Modified = {2008-12-08 12:19:00 -0500},
	Journal = {Fire Safety Journal},
	Pages = {255},
	Title = {{Heat Release Rate: The Single Most Important Variable in Fire Hazard}},
	Volume = {18},
	Year = {1992}}

@manual{NFPA72:2003,
	Address = {Quincy, Massachusetts},
	Edition = {2003},
	Ogranization = {National Fire Protection Association},
	Title = {{NFPA 72, National Fire Alarm Code}},
	Year = 2003}

@article{Duong:1990,
	Author = {Duong, D. Q.},
	Date-Added = {2008-12-07 12:27:40 -0500},
	Date-Modified = {2008-12-07 12:28:28 -0500},
	Journal = {Fire Safety Journal},
	Pages = {415},
	Title = {{The Accuracy of Computer Fire Models: Some Comparisons with Experimental Data from Australia}},
	Volume = {16},
	Year = {1990}}

@article{Emmons:1988,
	Author = {Emmons, H. W.},
	Date-Added = {2008-12-07 12:26:08 -0500},
	Date-Modified = {2008-12-07 12:27:06 -0500},
	Journal = {Fire Safety Journal},
	Pages = {77},
	Title = {{Why Fire Model?}},
	Volume = {13},
	Year = {1988}}

@techreport{Walker:1997,
	Address = {New Zealand},
	Author = {Walker, A. M.},
	Date-Added = {2008-12-07 12:12:26 -0500},
	Date-Modified = {2008-12-07 12:13:47 -0500},
	Institution = {University of Canterbury},
	Number = {97/8},
	Title = {{Uncertainty Analysis of Zone Fire Models}},
	Type = {Research Report},
	Year = {1997}}

@book{Daniel:1976,
	Address = {New York},
	Author = {Daniel, C.},
	Date-Added = {2008-12-07 12:10:20 -0500},
	Date-Modified = {2008-12-07 12:12:03 -0500},
	Publisher = {John Wiley and Sons},
	Title = {{Applications of Statistics to Industrial Experimentation}},
	Year = {1976}}

@book{Box:1978,
	Address = {New York},
	Author = {Box, G. E. P. and Hunter, W. G. and Hunter, J. S.},
	Date-Added = {2008-12-07 12:08:38 -0500},
	Date-Modified = {2008-12-07 12:09:58 -0500},
	Publisher = {John Wiley and Sons},
	Title = {{Statistics for Experimenters, An Introduction to Design, Data Analysis and Model Building}},
	Year = {1978}}

@phdthesis{Khoudja:1988,
	Author = {Khoudja, N.},
	Date-Added = {2008-12-07 12:05:16 -0500},
	Date-Modified = {2008-12-07 12:24:05 -0500},
	School = {Texas A \& M University},
	Title = {Procedures for Quantitative Sensitivity and Performance Validation of a Deterministic Fire Safety Model},
	Year = {1988}}

@phdthesis{Notarianni:2000,
	Address = {Pittsburgh, PA},
	Author = {Notarianni, K. A.},
	Date-Added = {2008-12-06 16:17:16 -0500},
	Date-Modified = {2008-12-06 16:18:46 -0500},
	School = {Carnegie Mellon University},
	Title = {{The Role of Uncertainty in Improving Fire Protection Regulation}},
	Year = {2000}}

@article{Beard:1992,
	Author = {Beard, A.},
	Date-Added = {2008-12-06 16:16:08 -0500},
	Date-Modified = {2008-12-06 16:16:54 -0500},
	Journal = {Fire Safety Journal},
	Pages = {295-306},
	Title = {{Evaluation of Fire Models: Part I -- Introduction}},
	Volume = {19},
	Year = {1992}}

@article{Peacock:1988a,
	Author = {Peacock, R. D. and Reneke, P. A. and Forney, C. L. and Kostreva, M. M.},
	Date-Added = {2008-12-06 16:14:19 -0500},
	Date-Modified = {2008-12-06 16:15:41 -0500},
	Journal = {Fire Safety Journal},
	Pages = {103-136},
	Title = {{Issues in Evaluation of Complex Fire Models}},
	Volume = {30},
	Year = {1988}}

@article{Iman:1988,
	Author = {Iman, R. L. and Helton, J. C.},
	Date-Added = {2008-12-06 16:12:16 -0500},
	Date-Modified = {2008-12-06 16:13:22 -0500},
	Journal = {Rick Analysis},
	Number = {1},
	Pages = {71-90},
	Title = {{An Investigation of Uncertainty and Sensitivity Analysis Techniques for Computer Models}},
	Volume = {8},
	Year = {1988}}

@article{Peacock:1993d,
	Author = {Peacock, R. D. and Jones, W. W. and Bukowski, R. W.},
	Date-Added = {2008-12-05 22:12:01 -0500},
	Date-Modified = {2008-12-05 22:13:13 -0500},
	Journal = {Fire Safety Journal},
	Pages = {89-129},
	Title = {{Verification of a Model of Fire and Smoke Transport}},
	Volume = {21},
	Year = {1993}}

@techreport{Barnett:1990,
	Author = {Barnett, J. R. and Beyler, C. L.},
	Date-Added = {2008-12-05 13:30:51 -0500},
	Date-Modified = {2008-12-05 13:32:16 -0500},
	Institution = {National Institute of Standards and Technology},
	Number = {90-580},
	Title = {{``Development of an Instructional Program for Practicing Engineers HAZARD I Users}},
	Type = {NBS-GCR},
	Year = {1990}}

@manual{NFPA551:2004,
	Address = {Quincy, Massachusetts},
	Edition = {2004},
	Organization = {National Fire Protection Association},
	Title = {{NFPA 551, Guide for the Evaluation of Fire Risk Assessment}},
	Year = {2004}}

@manual{NFPA805:2004,
	Address = {Quincy, Massachusetts},
	Edition = {2001},
	Organization = {National Fire Protection Association},
	Title = {{NFPA 805, Performance-Based Standard for Fire Protection for Light Water Reactor Electric Generating Plants}},
	Year = {2004}}

@inbook{Walton:2003,
	Address = {Quincy, Massachusetts},
	Author = {W.D. Walton and D.J. Carpenter and C.B. Wood},
	Chapter = {{Zone Computer Fire Models for Enclosures}},
	Edition = {Fourth},
	Publisher = {National Fire Protection Association},
	Title = {SFPE Handbook of Fire Protection Engineering},
	Year = 2008}

@inbook{Mulholland:SFPE,
	Address = {Quincy, Massachusetts},
	Author = {G.W. Mulholland},
	Chapter = {{Smoke Production and Properties}},
	Edition = {Fourth},
	Publisher = {National Fire Protection Association},
	Title = {SFPE Handbook of Fire Protection Engineering},
	Year = 2008}

@unpublished{Group:1996a,
	Author = {{Fire Hazard User's Group}},
	Date-Added = {2008-12-05 13:00:23 -0500},
	Date-Modified = {2008-12-05 13:00:50 -0500},
	Month = {August},
	Note = {Letter to CFAST Users},
	Title = {{Description of the CFAST 3.0 Release}},
	Year = {1996}}

@unpublished{Group:1996,
	Author = {{Fire Hazard User's Group}},
	Date-Added = {2008-12-05 12:59:44 -0500},
	Date-Modified = {2008-12-05 13:00:16 -0500},
	Month = {January},
	Note = {Letter to CFAST Users},
	Title = {{Description of the CFAST 2.0.1 Release}},
	Year = {1996}}

@unpublished{Group:1993,
	Author = {{Fire Hazard User's Group}},
	Date-Added = {2008-12-05 12:59:05 -0500},
	Date-Modified = {2008-12-05 12:59:37 -0500},
	Month = {October},
	Note = {Letter to CFAST Users},
	Title = {{Description of the CFAST 2.0 Release}},
	Year = {1993}}

@unpublished{Group:1992,
	Author = {{Fire Hazard User's Group}},
	Date-Added = {2008-12-05 12:57:37 -0500},
	Date-Modified = {2008-12-05 12:58:03 -0500},
	Month = {October},
	Note = {Letter to CFAST Users},
	Title = {{Description of the CFAST 1.6 Release}},
	Year = {1992}}

@unpublished{Group:1991,
	Author = {{Fire Hazard User's Group}},
	Date-Added = {2008-12-05 12:55:05 -0500},
	Date-Modified = {2008-12-05 13:08:49 -0500},
	Month = {December},
	Note = {Letter to CFAST Users},
	Rating = {2},
	Title = {{Description of the CFAST 1.4 Release}},
	Year = {1991}}

@unpublished{Jones:2000,
	Author = {Jones, W. W.},
	Date-Added = {2008-12-05 12:52:32 -0500},
	Date-Modified = {2008-12-05 12:53:09 -0500},
	Month = {March},
	Title = {{Differences in the 4.0.1 Code from the Beta Release of September 1, 1999 to March 1, 2000}},
	Year = {2000}}

@unpublished{Jones:1997,
	Author = {Jones, W. W.},
	Date-Added = {2008-12-05 12:50:58 -0500},
	Date-Modified = {2008-12-05 12:52:10 -0500},
	Month = {November},
	Title = {{Internal memo dated November 1997 Announcing Version 3.1.1 of CFAST}},
	Year = {1997}}

@unpublished{Jones:1996b,
	Author = {Jones, W. W.},
	Date-Added = {2008-12-05 12:48:47 -0500},
	Date-Modified = {2008-12-05 12:49:32 -0500},
	Month = {February},
	Title = {{Internal memo dated February 1996 Announcing Version 3.0 of CFAST}},
	Year = {1996}}

@unpublished{Peacock:1993c,
	Author = {Peacock, R. D.},
	Date-Added = {2008-12-05 12:45:52 -0500},
	Date-Modified = {2008-12-05 12:47:14 -0500},
	Month = {September 9},
	Note = {Unpublished Memorandum},
	Title = {{New Output and History File Formats for CFAST}},
	Year = {1993}}

@unpublished{Peacock:1993b,
	Author = {Peacock, R. D.},
	Date-Added = {2008-12-05 12:44:50 -0500},
	Date-Modified = {2008-12-05 12:45:25 -0500},
	Month = {January 5},
	Note = {Unpublished Memorandum},
	Title = {{HCl Deposition}},
	Year = {1993}}

@unpublished{Peacock:1993a,
	Author = {Peacock, R. D.},
	Date-Added = {2008-12-05 12:43:30 -0500},
	Date-Modified = {2008-12-05 12:44:15 -0500},
	Month = {January 5},
	Note = {Unpublished Memorandum},
	Title = {{New Convection Algorithm in CFAST}},
	Year = {1993}}

@unpublished{Peacock:1994,
	Author = {Peacock, R. D.},
	Date-Added = {2008-12-05 12:41:15 -0500},
	Date-Modified = {2008-12-05 12:42:13 -0500},
	Month = {April 11},
	Note = {Unpublished Memorandum},
	Title = {{Fix for Chemistry Algorithm in CFAST}},
	Year = {1994}}

@unpublished{Peacock:1992,
	Author = {Peacock, R. D. and Forney, G. P. and Reneke, P. A.},
	Date-Added = {2008-12-05 12:39:11 -0500},
	Date-Modified = {2008-12-05 12:40:33 -0500},
	Month = {February},
	Note = {Unpublished Memorandum},
	Title = {{Improved Numerics and Structure in CFAST}},
	Year = {1992}}

@inproceedings{Jones:1991,
	Address = {Ithaca, NY},
	Author = {Jones, W. W. and Forney, G. P.},
	Booktitle = {{Proceedings of the Fall Technical Meeting of the Combustion Institute, Eastern States Section}},
	Date-Added = {2008-12-05 12:35:28 -0500},
	Date-Modified = {2008-12-05 12:37:26 -0500},
	Title = {{Modeling Smoke Movement Through Compartmented Structures}},
	Year = {1991}}

@article{Jones:1984,
	Author = {Jones, W. W.},
	Date-Added = {2008-12-05 12:34:27 -0500},
	Date-Modified = {2008-12-05 12:34:57 -0500},
	Journal = {Combustion Science and Technology},
	Pages = {229},
	Title = {{Prediction of Corridor Smoke Filling by Zone Models}},
	Volume = {35},
	Year = {1984}}

@article{Jones:1993a,
	Author = {Jones, W. W.},
	Date-Added = {2008-12-05 12:33:00 -0500},
	Date-Modified = {2008-12-05 12:33:33 -0500},
	Journal = {Journal of Fire Sciences},
	Number = {2},
	Pages = {172},
	Title = {{Modeling Smoke Movement Through Compartmented Structures}},
	Volume = {11},
	Year = {1993}}

@techreport{Peacock:1993,
	Author = {Peacock, R. D. and Forney, G. P. and Reneke, P. A. and Portier, R. W. and Jones, W. W.},
	Date-Added = {2008-12-05 12:30:18 -0500},
	Date-Modified = {2008-12-05 12:31:26 -0500},
	Institution = {National Institute of Standards and Technology},
	Number = {1299},
	Title = {{CFAST, The Consolidated Model of Fire Growth and Smoke Transport}},
	Type = {Technical Note},
	Year = {1993}}

@techreport{Jones:2003,
	Author = {Jones, W. W. and Forney, G. P. and Peacock, R. D. and Reneke, P. A.},
	Date-Added = {2008-12-05 12:28:07 -0500},
	Date-Modified = {2008-12-05 12:29:43 -0500},
	Institution = {National Institute of Standards and Technology},
	Number = {1431},
	Title = {{A Technical Reference Guide for CFAST: An Engineering Tool for Estimating Fire and Smoke Transport}},
	Type = {Technical Note},
	Year = {2003}}

@article{Galloway:1990,
	Author = {Galloway, F. M. and Hirschler, M. M.},
	Date-Added = {2008-12-05 11:13:01 -0500},
	Date-Modified = {2008-12-05 11:13:41 -0500},
	Journal = {Fire Safety Journal},
	Pages = {33},
	Title = {{"Transport and Decay of Hydrogen Chloride: Use of a Model to Predict Hydrogen Chloride Concentrations in Fires Involving a Room-Corridor-Room Arrangement}},
	Volume = {16},
	Year = {1990}}

@article{Galloway:1989,
	Author = {Galloway, F. M. and Hirschler, M. M.},
	Date-Added = {2008-12-05 11:11:55 -0500},
	Date-Modified = {2008-12-05 11:12:44 -0500},
	Journal = {Fire Safety Journal},
	Pages = {251},
	Title = {{A Model for the Spontaneous Removal of Airborne Hydrogen Chloride by Common Surfaces}},
	Volume = {14},
	Year = {1989}}

@article{Mullholland:2000,
	Author = {Mulholland, G. W. and Croarkin, C.},
	Date-Added = {2008-12-05 11:05:18 -0500},
	Date-Modified = {2008-12-05 11:07:13 -0500},
	Journal = {Fire and Materials},
	Pages = {227},
	Title = {{Specific Extinction Coefficient of Flame Generated Smoke}},
	Volume = {24},
	Year = {2000}}

@inproceedings{Seader:1976,
	Address = {Pittsburgh, PA},
	Author = {Seader, J. and Einhorn, I.},
	Booktitle = {Sixteenth Symposium (International) on Combustion},
	Date-Added = {2008-12-05 11:03:17 -0500},
	Date-Modified = {2008-12-05 11:04:51 -0500},
	Organization = {The Combustion Institute},
	Pages = {1423 - 1445},
	Title = {{Some Physical, Chemical, Toxicological and Physiological Aspects of Fire Smokes}},
	Year = {1976}}

@inproceedings{Madrzykowski:1995,
	Address = {Kowlon},
	Author = {Madrzykowski, D.},
	Booktitle = {International Conference on Fire Science and Engineering},
	Date-Added = {2008-12-05 10:45:38 -0500},
	Date-Modified = {2008-12-05 10:50:14 -0500},
	Organization = {ASIAFLAM},
	Publisher = {Interscience Limited},
	Title = {{Evaluation of Sprinkler Activation Prediction Methods}},
	Year = {1995}}

@techreport{Evans:1993,
	Author = {Evans, D. D.},
	Date-Added = {2008-12-05 10:20:48 -0500},
	Date-Modified = {2008-12-05 10:22:47 -0500},
	Institution = {National Institute of Standards and Technology},
	Number = {5254},
	Title = {{Sprinkler Fire Suppression for HAZARD}},
	Type = {NISTIR},
	Year = {1993}}

@techreport{Heskestad:1976,
	Address = {Norwood, MA},
	Author = {Heskestad, G. and Smith, H. F.},
	Date-Added = {2008-12-05 09:25:26 -0500},
	Date-Modified = {2008-12-09 09:00:09 -0500},
	Institution = {Factory Mutual Research Corporation},
	Number = {22485 2937},
	Title = {{Investigation of a New Sprinkler Sensitivity Approval Test: the Plunge Test}},
	Type = {Technical Report},
	Year = {1976}}

@article{Jaluria:1989,
	Author = {Jaluria, Y. and Cooper, L. Y.},
	Date-Added = {2008-12-04 14:59:42 -0500},
	Date-Modified = {2008-12-04 15:00:39 -0500},
	Journal = {Progress in Energy and Combustion Science},
	Pages = {159},
	Title = {{Negatively Buoyant Wall Flows Generated in Enclosure Fires}},
	Volume = {15},
	Year = {1989}}

@article{Cooper:1988,
	Author = {Cooper, L. Y.},
	Date-Added = {2008-12-04 14:58:39 -0500},
	Date-Modified = {2008-12-04 14:59:25 -0500},
	Journal = {Combustion Science and Technology},
	Pages = {285},
	Title = {{Ceiling Jet-Driven Wall Flows in Compartment Fires}},
	Volume = {62},
	Year = {1988}}

@article{Cooper:1990a,
	Author = {Cooper, L. Y.},
	Date-Added = {2008-12-04 14:53:29 -0500},
	Date-Modified = {2008-12-04 14:54:15 -0500},
	Journal = {Journal of Heat Transfer},
	Pages = {455},
	Title = {{Heat Transfer in Compartment Fires Near Regions of Ceiling-Jet Impingement on a Wall}},
	Volume = {111},
	Year = {1990}}

@techreport{Moss:1992,
	Author = {Moss, W. F. and Forney, G. P.},
	Date-Added = {2008-12-04 14:32:54 -0500},
	Date-Modified = {2008-12-04 14:33:43 -0500},
	Institution = {National Institute of Standards and Technology},
	Number = {4886},
	Title = {{Implicitly coupling heat conduction into a zone fire model}},
	Type = {NISTIR},
	Year = {1992}}

@book{Golub:1989,
	Address = {New York},
	Author = {Golub, G. H. and Ortega, J. M.},
	Date-Added = {2008-12-04 14:09:05 -0500},
	Date-Modified = {2008-12-04 14:10:30 -0500},
	Publisher = {Academic Press},
	Title = {{Scientific Computer and Differential Equations, An Introduction to Numerical Methods}},
	Year = {1989}}

@inbook{Atreya:2003,
	Address = {Quincy, Massachusetts},
	Author = {Atreya, A.},
	Chapter = {Convection Heat Transfer},
	Edition = {Fourth},
	Publisher = {National Fire Protection Association},
	Title = {SFPE Handbook of Fire Protection Engineering},
	Year = 2008}

@inbook{Alpert:SFPE,
	Address = {Quincy, Massachusetts},
	Author = {R.L. Alpert},
	Chapter = {{Ceiling Jet Flows}},
	Edition = {Fourth},
	Publisher = {National Fire Protection Association},
	Title = {SFPE Handbook of Fire Protection Engineering},
	Year = 2008}

@incollection{Hottel:1942,
	Address = {New York},
	Author = {Hottel, H. C.},
	Booktitle = {{Heat Transmission}},
	Date-Added = {2008-11-26 12:50:56 -0500},
	Date-Modified = {2008-11-26 12:52:04 -0500},
	Editor = {McAdams, W. H.},
	Publisher = {McGraw-Hill Book Company},
	Title = {{Radiant Heat Transmission}},
	Year = {1942}}

@incollection{Edwards:1985,
	Author = {Edwards, D. K.},
	Booktitle = {Handbook of Heat Transfer Fundementals},
	Date-Added = {2008-11-26 12:48:13 -0500},
	Date-Modified = {2008-11-26 12:50:20 -0500},
	Edition = {2nd},
	Editor = {Rohsenow, W. M.},
	Pages = {74-75},
	Publisher = {McGraw-Hill Book Company},
	Title = {{Radiation Properties of Gases}},
	Year = {1985}}

@article{Tien:1978,
	Author = {Tien, C. L. and Hubbard, G.},
	Date-Added = {2008-11-26 12:46:43 -0500},
	Date-Modified = {2008-11-26 12:47:34 -0500},
	Journal = {Journal of Heat Transfer},
	Pages = {235},
	Title = {{ Infrared Mean Absorption Coefficients of Luminous Flames and Smoke}},
	Volume = {100},
	Year = {1978}}

@inbook{Tien:2002,
	Author = {Tien, C. L. and Lee, K. Y. and Stretton, A. J.},
	Chapter = {{Radiation Heat Transfer}},
	Edition = {Fourth},
	Publisher = {National Fire Protection Association},
	Title = {{SFPE Handbook of Fire Protection Engineering}},
	Year = 2008}

@article{Jones:1993,
	Author = {Jones, W. W. and Forney, G. P.},
	Date-Added = {2008-11-26 11:36:48 -0500},
	Date-Modified = {2008-11-26 11:37:31 -0500},
	Journal = {Fire Safety Journal},
	Pages = {269},
	Title = {{Improvement in Predicting Smoke Movement in Compartmented Structures}},
	Volume = {21},
	Year = {1993}}

@incollection{Yamada:1990,
	Author = {Yamada, T. and Cooper, L. Y.},
	Booktitle = {Building and Fire Research Colloquiums},
	Date-Added = {2008-11-26 09:07:21 -0500},
	Date-Modified = {2010-08-30 15:44:54 -0400},
	Month = {July},
	Publisher = {{Building and Fire Research Laboratory, National Institute of Standards and Technology}},
	Title = {{Algorithms for Calculating Radiative Heat Exchange Between the Surfaces of an Enclosure, the Smoke Layers and a Fire}},
	Year = {1990}}

@article{Hottel:1958,
	Author = {Hottel, H. C. and Cohen, E.},
	Date-Added = {2008-11-26 09:05:14 -0500},
	Date-Modified = {2008-11-26 09:06:15 -0500},
	Journal = {American Institute of Chemical Engineering Journal},
	Number = {3},
	Title = {{Radiant Heat Exchange in a Gas Filled Enclosure: Allowance for Non-uniformity of Gas Temperature}},
	Volume = {4},
	Year = {1958}}

@book{Hottel:1954,
	Address = {New York},
	Author = {Hottel, H. C.},
	Date-Added = {2008-11-26 09:03:07 -0500},
	Date-Modified = {2008-11-26 09:04:23 -0500},
	Edition = {3rd},
	Publisher = {McGraw-Hill Book Company},
	Title = {{Heat Transmission}},
	Year = {1954}}

@book{SiegelandHowell:1981,
	Address = {New York},
	Author = {Siegel, R. and Howell, J. R.},
	Date-Added = {2008-11-26 08:59:05 -0500},
	Date-Modified = {2008-11-26 09:01:07 -0500},
	Edition = {2nd},
	Publisher = {Hemisphere Publishing Corporation},
	Title = {{Thermal Radiation Heat Transfer}},
	Year = {1981}}

@booklet{ASHRAE:2001,
	Address = {Altanta, Georgia},
	Howpublished = {American Society of Heating, Refrigerating, and Air-Conditioning Engineers, Inc},
	Title = {{2001 ASHRAE Handbook - HVAC Systems and Equipment}},
	Year = {2001}}

@book{Klote:2002,
	Address = {Atlanta, GA},
	Author = {Klote, J. H. and Milke, J. A.},
	Date-Added = {2008-11-25 14:27:52 -0500},
	Date-Modified = {2008-11-25 14:29:02 -0500},
	Publisher = {American Society of Heating, Refrigerating, and Air-Conditioning Engineers, Inc},
	Title = {{Principles of Smoke Management}},
	Year = {2002}}

@article{Cooper:1995,
	Author = {Cooper, L. Y.},
	Date-Added = {2008-11-25 13:19:37 -0500},
	Date-Modified = {2008-11-25 13:20:48 -0500},
	Journal = {Journal of Heat Transfer},
	Month = {August},
	Pages = {659-667},
	Title = {{Combined Buoyancy- and Pressure-Driven Flow Through a Shallow, Horizontal Circular VENT}},
	Volume = {117},
	Year = {1995}}

@techreport{Cooper:1990,
	Author = {Cooper, L. Y.},
	Date-Added = {2008-11-25 13:17:54 -0500},
	Date-Modified = {2008-11-25 13:18:43 -0500},
	Institution = {National Institute of Standards and Technology},
	Number = {4402},
	Title = {{Algorithm and Associated Computer Subroutine for Calculating Flow Through a Horizontal Ceiling/Floor Vent in a Zone-Type Compartment Fire Model}},
	Type = {NISTIR},
	Year = {1990}}

@techreport{Cooper:1989,
	Author = {Cooper, L. Y.},
	Date-Added = {2008-11-25 13:14:27 -0500},
	Date-Modified = {2008-11-25 13:15:20 -0500},
	Institution = {National Institute of Standards and Technology},
	Number = {89-4052},
	Title = {{Calculation of the Flow Through a Horizontal Ceiling/Floor Vent}},
	Type = {NISTIR},
	Year = {1989}}

@inproceedings{Quintiere:1981,
	Address = {Talance, France},
	Author = {Quintiere, J. G. and Steckler, K. D and McCaffrey, B. J.},
	Booktitle = {First Specialist Meeting (International) of the Combustion Institute},
	Date-Added = {2008-11-25 13:07:56 -0500},
	Date-Modified = {2008-11-25 13:10:28 -0500},
	Title = {{A Model to Predict the Conditions in a Room Subject to Crib Fires}},
	Year = {1981}}

@article{Forney:1994,
	Author = {Forney, G. P. and Moss, W. F.},
	Date-Added = {2008-11-13 16:05:11 -0500},
	Date-Modified = {2008-11-13 16:07:13 -0500},
	Journal = {Fire Science and Technology},
	Number = {1 and 2},
	Pages = {49-60},
	Title = {{Analyzing and Exploiting Numerical Characteristics of Zone Fire Models}},
	Volume = {14},
	Year = {1994}}

@techreport{Rehm:1992,
	Author = {Rehm, R. G. and Forney, G. P.},
	Date-Added = {2008-11-13 16:01:06 -0500},
	Date-Modified = {2008-11-13 16:02:46 -0500},
	Institution = {National Institute of Standards and Technology},
	Number = {4906},
	Title = {{A Note on the Pressure Equations Used in Zone Fire Modeling}},
	Type = {NISTIR},
	Year = {1992}}

@book{Incorpera:1981,
	Author = {Incorpera, F. P. and DeWitt, D. P.},
	Date-Added = {2008-11-13 15:58:54 -0500},
	Date-Modified = {2008-11-13 15:59:45 -0500},
	Publisher = {John Wiley and Sons},
	Title = {{Fundamentals of Heat Transfer}},
	Year = {1981}}

@techreport{Models:HAZARDI_12,
	Author = {Peacock, R. D. and Jones, W. W. and Forney, G. P. and Portier, R. W. and Reneke, P. A. and Bukowski, R. W. and Klote, J. H.},
	Date-Added = {2008-11-13 15:54:31 -0500},
	Date-Modified = {2008-11-13 15:56:07 -0500},
	Institution = {National Institute of Standards and Technology},
	Number = {5410},
	Title = {{Update Guide for HAZARD I Version 1.2}},
	Type = {NISTIR},
	Year = {1994}}

@techreport{Models:HAZARDI,
	Author = {Bukowski, R. W. and Peacock, R. D. and Jones, W. W. and Forney, C. L.},
	Date-Added = {2008-11-13 15:51:04 -0500},
	Date-Modified = {2008-11-13 15:53:25 -0500},
	Institution = {National Institute of Standards and Technology},
	Number = {146/II},
	Title = {{Technical Reference Guide for the HAZARD I Fire Hazard Assessment Method. Version 1.1. Volume 2}},
	Type = {NIST Handbook},
	Year = {1991}}

@techreport{Zukoski:1985,
	Author = {Zukoski, E. E. and Kubota, T. and Lim, C. S.},
	Date-Added = {2008-11-13 15:41:34 -0500},
	Date-Modified = {2008-11-13 15:42:48 -0500},
	Institution = {National Bureau of Standards},
	Number = {85-493},
	Title = {{Experimental Study of Environment and Heat Transfer in a Room Fire. Mixing in Doorway Flows and Entrainment in Fire Plumes}},
	Type = {NBS-GCR},
	Year = {1985}}

@techreport{CFAST_Valid_Guide_7,
	Address = {Gaithersburg, Maryland},
	Author = {Peacock, R. D. and Reneke, P. A.},
	Date-Added = {2008-11-13 15:39:17 -0500},
	Date-Modified = {2015-03-10 14:20:59 +0000},
	Institution = {National Institute of Standards and Technology},
	Month = {July},
	Number = {xxxx},
	Title = {{CFAST} -- {Consolidated Fire And Smoke Transport (Version 7) Volume 3: Software Development and Model Evaluation Guide}},
	Type = {Technical Note},
	Year = 2015}

@article{Koseki:1989,
	Author = {Koseki, H.},
	Date-Added = {2008-11-13 15:16:01 -0500},
	Date-Modified = {2008-11-13 15:18:34 -0500},
	Journal = {Fire Technology},
	Pages = {241},
	Title = {{Combustion Properties of Large Liquid Pool Fires}},
	Volume = {25},
	Year = {1989}}

@techreport{McCaffrey:1982,
	Author = {McCaffrey, B. J.},
	Date-Added = {2008-11-13 15:14:49 -0500},
	Date-Modified = {2008-11-13 15:15:26 -0500},
	Institution = {National Bureau of Standards},
	Number = {82-2473},
	Title = {{Entrainment and Heat Flux of Buoyant Diffusion Flames}},
	Type = {NBSIR},
	Year = {1982}}

@techreport{Tewarson:1978,
	Address = {Norwood, MA},
	Author = {Tewarson, A.},
	Date-Added = {2008-11-13 15:12:45 -0500},
	Date-Modified = {2008-11-13 15:14:04 -0500},
	Institution = {Factory Mutual Research Corporation},
	Number = {RC78-TP-55},
	Title = {{Combustion of Methanol in a Horizontal Pool Configuration}},
	Year = {1978}}

@book{Drysdale:1985,
	Address = {New York},
	Author = {Drysdale, D.},
	Date-Added = {2008-11-13 15:10:22 -0500},
	Date-Modified = {2008-11-13 15:12:06 -0500},
	Publisher = {John Wiley and Sons},
	Title = {{An Introduction to Fire Dynamics}},
	Year = {1985}}

@article{Cetegen:1984,
	Author = {Cetegen, B. M. and Zukoski, E. E. and Kubota, T.},
	Date-Added = {2008-11-13 13:28:20 -0500},
	Date-Modified = {2008-11-13 13:30:00 -0500},
	Journal = {Combustion Science and Technology},
	Number = {1-6},
	Pages = {305-331},
	Title = {{Entrainment in the Near and Far Field of Fire Plumes}},
	Volume = {39},
	Year = {1984}}

@techreport{Cetegen:1982,
	Author = {Cetegen, B. M. and Zukoski, E. E. and Kubota, T.},
	Date-Added = {2008-11-13 13:24:19 -0500},
	Date-Modified = {2008-11-13 13:27:44 -0500},
	Institution = {National Bureau of Standards},
	Number = {82-402},
	Title = {{Entrainment and Flame Geometry of Fire Plumes}},
	Type = {NBS-GCR},
	Year = {1982}}

@article{Alterman:1961,
	Author = {Alterman, Z.},
	Date-Added = {2008-11-13 13:20:17 -0500},
	Date-Modified = {2008-11-13 13:22:39 -0500},
	Journal = {Proceedings of the National Academy of Sciences (USA)},
	Number = {2},
	Pages = {224-227},
	Title = {{Effect of Surface Tension on the Kelvin-Helmholtz Instability of Two Rotating Fluids}},
	Volume = {47},
	Year = {1961}}

@techreport{Lee:1982,
	Author = {Lee, B. T.},
	Date-Added = {2008-11-13 13:08:30 -0500},
	Date-Modified = {2008-11-13 13:10:02 -0500},
	Institution = {National Bureau of Standards},
	Number = {82-2469},
	Title = {{Effect of Ventilation on the Rates of Heat, Smoke, and Carbon Monoxide Production in a Typical Jail Cell Fire}},
	Type = {NBSIR},
	Year = {1982}}

@techreport{Babrauskas:1985,
	Author = {Babrauskas, V. and Krasny, J. F.},
	Date-Added = {2008-11-13 13:06:40 -0500},
	Date-Modified = {2008-11-13 13:08:05 -0500},
	Institution = {National Bureau of Standards},
	Number = {173},
	Title = {{Fire Behavior of Upholstered Furniture}},
	Type = {Monograph},
	Year = {1985}}

@techreport{Babrauskas:1982,
	Author = {Babrauskas, V. and Lawson, J. R. and Walton, W. D. and Twilley, W. H.},
	Date-Added = {2008-11-13 13:03:34 -0500},
	Date-Modified = {2008-11-13 13:05:05 -0500},
	Institution = {National Institute of Standards and Technology},
	Number = {82-2604},
	Title = {{Upholstered Furniture Heat Release Rates Measured with a Furniture Calorimeter}},
	Type = {NISTIR},
	Year = {1982}}

@techreport{Bryant:2003,
	Author = {Bryant, R. A. and Ohlemiller, T. J. and Johnsson, E. L. and Hamins, A. and Grove, B. S. and Guthrie, F. and Maranghides, A. and Mullholland, G. W.},
	Date-Added = {2008-11-13 13:01:06 -0500},
	Date-Modified = {2008-11-13 13:03:10 -0500},
	Institution = {National Institute of Standards and Technology},
	Number = {1007},
	Title = {{NIST 3 Megawatt Quantitative Heat Releae Rate Facility}},
	Type = {Special Publication},
	Year = {2003}}

@inbook{Heskestad:2002,
	Address = {Quincy, Massachusetts},
	Author = {G. Heskestad},
	Chapter = {{Fire Plumes, Flame Height, and Air Entrainment}},
	Edition = {Fourth},
	Publisher = {National Fire Protection Association},
	Title = {SFPE Handbook of Fire Protection Engineering},
	Year = 2008}

@inproceedings{Morehart:1991,
	Address = {Edinburgh},
	Author = {Morehart, J. H. and Zukoski, E. E. and Kubota, T.},
	Booktitle = {Third International Symposium on Fire Safety Science},
	Date-Added = {2008-11-11 18:44:58 -0500},
	Date-Modified = {2008-11-11 18:46:55 -0500},
	Title = {{Characteristics of Large Diffusion Flames Burning in a Vitiated Atmosphere}},
	Year = {1991}}

@article{Huggett:1980,
	Author = {Huggett, C.},
	Date-Added = {2008-11-11 18:43:26 -0500},
	Date-Modified = {2008-11-11 18:44:38 -0500},
	Journal = {Journal of Fire and Flammability},
	Pages = {61},
	Title = {{Estimation of the Rate of Heat Release by Means of Oxygen Consumption Calorimetry}},
	Volume = {12},
	Year = {1980}}

@article{Thornton:1917,
	Author = {Thornton, W. M.},
	Date-Added = {2008-11-11 18:40:03 -0500},
	Date-Modified = {2008-11-11 18:42:37 -0500},
	Journal = {Philosophical Magazine and Journal of Science},
	Number = {6th Series},
	Pages = {196-203},
	Title = {{The Relation of Oxygen to the Heat of Combustion of Organic Compounds}},
	Volume = {33},
	Year = {1917}}

@techreport{Steckler:1982,
	Author = {Steckler, K. D and Quintiere, J. G. and Rinkinen, W. J.},
	Date-Added = {2008-11-04 09:01:18 -0500},
	Date-Modified = {2008-11-04 09:01:18 -0500},
	Institution = {National Bureau of Standards},
	Number = {82-2520},
	Title = {{Flow Induced by Fire in a Compartment}},
	Type = {NBSIR},
	Year = {1982}}

@article{Quintiere:1984,
	Author = {Quintiere, J. G. and Steckler, K. D and Corley, D.},
	Date-Added = {2008-11-04 09:01:03 -0500},
	Date-Modified = {2008-11-24 11:48:58 -0500},
	Journal = {Fire Science and Technology},
	Number = {1},
	Title = {{An Assessment of Fire Induced Flows in Compartments}},
	Volume = {4},
	Year = {1984}}

@techreport{Bundy:2007,
	Author = {Bundy, M. and Hamins, A. and Johnsson, E. L. and Kim, C. K. and Ko, G. H. and Lenhert, D. B.},
	Date-Added = {2008-06-30 10:45:24 -0400},
	Date-Modified = {2008-06-30 10:47:45 -0400},
	Institution = {National Institute of Standards and Technology},
	Month = {July},
	Number = {1483},
	Title = {{Measurements of Heat and Combustion Products in Reduced-Scale Ventilation-Limited Compartment Fires}},
	Type = {Technical Note},
	Year = {2007}}

@article{Janssens:1992,
	Author = {Janssens, M.L. and Tran, H.C.},
	Date-Added = {2008-06-26 14:33:46 -0400},
	Date-Modified = {2008-07-01 14:51:49 -0400},
	Journal = {Journal of Fire Sciences},
	Pages = {528-555},
	Title = {{Data Reduction of Room Tests for Zone Model Validation}},
	Volume = {10},
	Year = {1992}}

@article{He:1998,
	Author = {He, Y. and Fernando, A. and Luo, M.},
	Date-Added = {2008-06-26 11:14:02 -0400},
	Date-Modified = {2008-07-01 14:53:14 -0400},
	Journal = {Fire Safety Journal},
	Pages = {19-38},
	Title = {{Determination of Interface Height from Measured Parameter Profile in Encolsure Fire Experiment}},
	Volume = {31},
	Year = {1998}}

@techreport{McGrattan:2003,
	Author = {McGrattan, K.B. and Forney, G. P.},
	Date-Added = {2008-06-26 11:02:39 -0400},
	Date-Modified = {2008-06-26 11:04:39 -0400},
	Institution = {National Institute of Standards and Technology},
	Month = {June},
	Number = {7013},
	Title = {{Fire Dynamics Simulator (Version 4), User's Guide}},
	Type = {NISTIR},
	Year = {2003}}

@techreport{Riese:2004,
	Author = {Riese, O. and Hosser, D.},
	Date-Added = {2008-06-26 09:32:19 -0400},
	Date-Modified = {2008-07-01 14:43:25 -0400},
	Institution = {Gesellschaft f{\"{u}}r Anlagen-und Reaktorsicherheit (GRS)},
	Month = {June},
	Number = {Revision 1},
	Title = {{Evaluation of Fire Model for Nuclear Power Plant Applications: Flame SPread in Cable Tray Fires}},
	Type = {Draft Version},
	Year = {2004}}

@techreport{Klein-Helbetaling:2005,
	Address = {K{\"{o}}ln, Germany},
	Author = {Klein-Hel${\beta}$ling, W. and R{\"{o}}wenkamp, M.},
	Date-Added = {2008-06-26 09:08:59 -0400},
	Date-Modified = {2008-06-26 09:32:06 -0400},
	Institution = {Gesellschaft f{\"{u}}r Anlagen-und Reaktorsicherheit (GRS)},
	Month = {May},
	Read = {Yes},
	Title = {{Evaluation of Fire Models for Nuclear Power Plant Applications: Fuel Pool Fire Inside a Compartment}},
	Year = {2005}}

@techreport{NRCNUREG6850,
	Date-Added = {2008-06-10 09:35:31 -0400},
	Date-Modified = {2008-06-10 09:37:39 -0400},
	Institution = {{Electric Power Research Institute (EPRI), Palo Alto, CA, and U.S. Nuclear Regulatory Commission, Office of Nuclear Regulatory Research (RES), Rockville, MD}},
	Number = {{EPRI TR-1011989 and NUREG/CR-6850}},
	Title = {{EPRI/NRC-RES Fire PRA Methodology for Nuclear Power Facilities: Volume 2: Detailed Methodology}},
	Year = {2005}}

@manual{IEEE:730,
	Date-Added = {2008-05-19 13:01:15 -0400},
	Date-Modified = {2008-05-19 13:02:20 -0400},
	Edition = {{IEEE Std 730-2002}},
	Organization = {The Institute of Electrical and Electronics Engineers},
	Title = {IEEE Standard for Software Quality Assurance Plans},
	Year = {2002}}

@techreport{NRCNUREG1824,
	Address = {Rockville, Maryland},
	Author = {M.H. Salley and A. Lindeman},
	Institution = {U.S. Nuclear Regulatory Commission},
	Number = {1824},
	Title = {{Verification and Validation of Selected Fire Models for Nuclear Power Plant Applications, Supplement 1}},
	Type = {{NUREG}},
	Year = {2015}}

@techreport{Cooper:1991,
	Author = {Cooper, L. Y.},
	Date-Added = {2008-03-14 08:48:58 -0400},
	Date-Modified = {2008-07-01 14:56:12 -0400},
	Institution = {National Institute of Standards and Technology},
	Number = {4705},
	Title = {{Fire-Plume-Generated Ceiling Jet Characteristics and Convective Heat Transfer to Ceiling and Wall Surfaces in a Two-Layer Zone-Type Fire Environment}},
	Type = {NISTIR},
	Year = {1991}}

@techreport{Klote:1988a,
	Author = {Klote, J. H.},
	Date-Added = {2013-09-26 20:11:03 -0500},
	Date-Modified = {2013-09-28 14:49:58 -0400},
	Institution = {National Bureau of Standards},
	Number = {87-3657},
	Title = {{A Computer Model of Smoke Movement by Air Conditioning Systems}},
	Type = {NBSIR},
	Year = {1988}}

@techreport{Klote:1988,
	Author = {Klote, J. H.},
	Date-Added = {2008-03-06 20:11:03 -0500},
	Date-Modified = {2008-07-01 14:49:58 -0400},
	Institution = {National Bureau of Standards},
	Number = {88-3800},
	Title = {{Project Plan for Full Scale Smoke Movement and Smoke Control Tests}},
	Type = {NBSIR},
	Year = {1988}}

@book{Klote:1983,
	Author = {Klote, J. H. and Fothergill, J. W., Jr.},
	Date-Added = {2008-03-06 20:08:45 -0500},
	Date-Modified = {2008-07-01 14:50:10 -0400},
	Publisher = {American Society of Heating, Refrigerating, and Air-Conditioning Engineers, Inc},
	Title = {{Design of Smoke Control Systems for Buildings}},
	Year = {1983}}

@techreport{Klote:1990,
	Author = {Klote, J. H.},
	Date-Added = {2008-03-06 19:53:15 -0500},
	Date-Modified = {2008-07-01 14:50:25 -0400},
	Institution = {National Institute of Standards and Technology},
	Number = {90-4253},
	Title = {{Fire Experiments of Zoned Smoke Control at the {P}laza {H}otel in {W}ashington, {DC}}},
	Type = {NISTIR},
	Year = {1990}}

@techreport{Heskestad:1986,
	Author = {Heskestad, G. and Hill, J. P.},
	Date-Added = {2008-03-06 19:26:58 -0500},
	Date-Modified = {2008-07-01 14:52:22 -0400},
	Institution = {National Institute of Standards and Technology},
	Number = {86-502},
	Title = {{Experimental Fires in Multiroom/Corridor Enclosures}},
	Type = {NBS-GCR},
	Year = {1986}}

@techreport{Lee:1985,
	Author = {Lee, B. T.},
	Date-Added = {2008-03-04 15:29:50 -0500},
	Date-Modified = {2008-07-01 14:49:49 -0400},
	Institution = {National Bureau of Standards},
	Number = {85-2998},
	Title = {{Effect of Wall and Room Surfaces on the Rates of Heat, Smoke, and Carbon Monoxide Production in a Park Lodging Bedroom Fire}},
	Type = {NBSIR},
	Year = {1985}}

@techreport{EPRI,
	Address = {Palo Alto, CA},
	Date-Added = {2008-03-04 14:21:06 -0500},
	Date-Modified = {2008-07-01 14:40:51 -0400},
	Institution = {Electric Power Research Institute (EPRI)},
	Number = {108875},
	Title = {{Fire Modeling Code Comparison}},
	Type = {TR}}

@techreport{Peacock:1988,
	Author = {Peacock, R. D. and Davis, S. and Lee, B. T.},
	Date-Added = {2008-03-04 14:15:28 -0500},
	Date-Modified = {2008-07-01 14:44:00 -0400},
	Institution = {National Bureau of Standards},
	Number = {88-3752},
	Title = {{Experimental Data Set for the Accuracy Assessment of Room Fire Models}},
	Type = {NBSIR},
	Year = {1988}}

@techreport{Tewarson:1986,
	Author = {Tewarson, A.},
	Date-Added = {2008-03-04 13:06:49 -0500},
	Date-Modified = {2008-07-01 14:42:34 -0400},
	Institution = {National Institute of Standards and Technology},
	Number = {86-521},
	Title = {{Prediction of Fire Properties of Materials, Part 1}},
	Type = {NBS-GCR},
	Year = {1986}}

@techreport{Sandia:1989,
	Address = {Albuquerque, NM},
	Date-Added = {2008-03-04 12:50:58 -0500},
	Date-Modified = {2008-07-01 14:41:02 -0400},
	Institution = {Sandia National Laboratories},
	Title = {{A Summary of Nuclear Power Plant Fire Safety Research at Sandia National Laboratories 1975 - 1987}},
	Year = {1989}}

@techreport{Nowlen:1987,
	Address = {Albuquerque, NM},
	Author = {Nowlen, S. P.},
	Date-Added = {2008-03-04 12:48:54 -0500},
	Date-Modified = {2008-07-01 14:46:09 -0400},
	Institution = {Sandia National Laboratories},
	Number = {{NUREG/CR-4681, SAND86-1296}},
	Read = {Yes},
	Title = {{Enclosure Environment Characterization Testing for the Base line Validation of Computer Fire Simulation Codes}},
	Year = {1987}}

@techreport{Hamins:2003,
	Author = {Hamins, A. and Maranghides, A. and Mullholland, G. W.},
	Date-Added = {2008-03-04 12:22:19 -0500},
	Date-Modified = {2008-07-01 14:53:37 -0400},
	Institution = {National Institute of Standards and Technology},
	Number = {7013},
	Title = {{The Global Combustion Behavior of 1 MW to 3 MW Hydrocarbon Spray Fires Burning in an Open Environment}},
	Type = {NISTIR},
	Year = {2003}}

@techreport{Hamins:2005,
	Author = {Hamins, A. and Maranghides, A. and Johnsson, E. L. and Donnelly, M. K. and Yang, J. C. and Mullholland, G. W. and Anleitner, R. L.},
	Date-Added = {2008-03-04 11:56:07 -0500},
	Date-Modified = {2008-07-01 14:53:51 -0400},
	Institution = {National Institute of Standards and Technology},
	Number = {1013-1},
	Title = {{Report of Experimental Results for the International Fire Model Benchmarking and Validation Exercise \#3.}},
	Type = {Special Publication},
	Year = {2005}}

@article{Hamins:1991,
	Author = {Hamins, A. and Klassen, M. and Gore, J. and Kashiwagi, T.},
	Date-Added = {2008-03-04 11:36:03 -0500},
	Date-Modified = {2008-07-01 14:54:04 -0400},
	Journal = {Combustion and Flame},
	Pages = {223-228},
	Title = {{Estimate of Flame Radiance via a Single Location Measurement in Liquid Pool Fires}},
	Volume = {86},
	Year = {1991}}

@inproceedings{Hamins:1995,
	Address = {West Conshohocken, PA},
	Author = {Hamins, A. and Kashiwagi, T. and Buch, R.},
	Booktitle = {Fire Resistance of Industrial Fluids},
	Date-Added = {2008-03-03 15:36:28 -0500},
	Date-Modified = {2008-07-01 14:54:17 -0400},
	Editor = {Totten, G. and Reichel, J.},
	Pages = {15-41},
	Publisher = {American Society for Testing and Materials},
	Series = {ASTM STP 1284},
	Title = {{Characteristics of Pool Fire Burning}},
	Year = {1995}}

@incollection{Tewarson:2003,
	Address = {Quincy, MA},
	Author = {Tewarson, A.},
	Booktitle = {SFPE Handbook of Fire Protection Engineering},
	Chapter = {4-3},
	Date-Added = {2008-03-03 15:31:20 -0500},
	Date-Modified = {2008-07-01 14:42:48 -0400},
	Edition = {3rd},
	Editor = {DiNenno, P. J. and Drysdale, D. and Beyler, C. L. and Walton, W. D.},
	Publisher = {National Fire Protection Association and The Society of Fire Protection Engineers},
	Title = {{Generation of Heat and Chemical Compounds in Fires}},
	Year = {2003}}

@techreport{Hostikka:2001,
	Author = {Hostikka, S. and Kokkala, M. and Vaari, J.},
	Date-Added = {2008-03-03 14:56:45 -0500},
	Date-Modified = {2008-07-01 14:51:58 -0400},
	Institution = {VTT Building and Transport},
	Number = {2104},
	Title = {{Experimental Study of the Localized Room Fires, {NFDC2} Test Series}},
	Type = {VTT Research Notes},
	Year = {2001}}

@techreport{Matsuyama:2000,
	Author = {Matsuyama, K. and Wakamatsu, T. and Harada, K.},
	Date-Added = {2008-03-03 13:51:41 -0500},
	Date-Modified = {2008-07-01 14:48:29 -0400},
	Institution = {National Institute of Standards and Technology},
	Number = {6588},
	Title = {{Systematic Experiments of Room and Corridor Smoke Filling for Use in Calibration of Zone and CFD Fire Models}},
	Type = {NISTIR},
	Year = {2000}}

@techreport{Madrzykowski:1992,
	Author = {Madrzykowski, D. and Vettori, R.},
	Date-Added = {2008-03-03 13:48:08 -0500},
	Date-Modified = {2011-11-30 18:29:11 +0000},
	Institution = {National Institute of Standards and Technology},
	Number = {4833},
	Title = {{A Sprinkler Fire Suppression Algorithm for the GSA Engineering Fire Assessment System}},
	Type = {NISTIR},
	Year = {1992}}

@article{Chow:1996a,
	Author = {Chow, W.},
	Date-Added = {2008-03-03 13:46:52 -0500},
	Date-Modified = {2008-07-01 14:57:25 -0400},
	Journal = {Journal of Fire Sciences},
	Pages = {466},
	Title = {{Performance of Sprinkler in Atria}},
	Volume = {14},
	Year = {1996}}

@article{Luo:1997,
	Author = {Luo, M.},
	Date-Added = {2008-03-03 13:45:32 -0500},
	Date-Modified = {2008-07-01 14:48:55 -0400},
	Journal = {Journal of Fire Sciences},
	Pages = {240},
	Title = {{One Zone or Two Zones in the Room of Fire Origin During Fires?}},
	Volume = {15},
	Year = {1997}}

@article{Chow:1995a,
	Author = {Chow, W.},
	Date-Added = {2008-03-03 11:24:42 -0500},
	Date-Modified = {2008-07-01 14:57:35 -0400},
	Journal = {Fire and Materials},
	Pages = {466},
	Title = {{Use of Zone Models on Simulating Compartmental Fires With Forced Ventilation}},
	Volume = {14},
	Year = {1995}}

@article{Bailey:2002,
	Author = {Bailey, J. L. and Forney, G. P. and Tatem, P. A. and Jones, W. W.},
	Date-Added = {2008-03-03 11:22:35 -0500},
	Date-Modified = {2008-07-01 14:59:09 -0400},
	Journal = {Journal of Fire Protection Engineering},
	Pages = {139},
	Title = {{Development and Validation of Corridor Flow Submodel for {CFAST}}},
	Volume = {12},
	Year = {2002}}

@techreport{Hoover:2001,
	Author = {Hoover, J. and Tatem, P. A.},
	Date-Added = {2008-03-03 11:19:00 -0500},
	Date-Modified = {2008-07-01 14:52:10 -0400},
	Institution = {Naval Research Laboratory},
	Number = {6180-01-8550},
	Title = {{Application of {CFAST} to Shipboard Fire Modeling. Part 3. Guidelines for Users}},
	Type = {NRL/ML},
	Year = {2001}}

@techreport{Peacock:2004,
	Author = {Peacock, R. D. and Averill, J. D. and Madrzykowski, D. and Stroup, D. W. and Reneke, P. A. and Bukowski, R. W.},
	Date-Added = {2008-03-03 11:16:24 -0500},
	Date-Modified = {2008-07-01 14:44:26 -0400},
	Institution = {National Institute of Standards and Technology},
	Number = {6563},
	Title = {{Fire Safety of Passenger Trains; Phase III: Evaluation of Fire Hazard Analysis Using Full-Scale Passenger Rail Car Tests}},
	Type = {NISTIR},
	Year = {2004}}

@inproceedings{Altinakar:1997,
	Address = {Aosta Valley, Italy},
	Author = {Altinakar, M. and Weatherhill, A. and Nasch, P.},
	Booktitle = {9th International Symposium on Aerodynamics and Ventilation of Vehicle Tunnels},
	Date-Added = {2008-03-03 10:51:27 -0500},
	Date-Modified = {2008-07-01 15:00:13 -0400},
	Editor = {Gillard, J. R.},
	Month = {October 6-8},
	Organization = {BHR Group},
	Pages = {623-639},
	Title = {{Use of a Zone Model in Predicting Fire and Smoke Propagation in Tunnels}},
	Year = {1997}}

@article{Chow:1992,
	Author = {Chow, W.},
	Date-Added = {2008-03-03 10:40:35 -0500},
	Date-Modified = {2008-07-01 14:57:45 -0400},
	Journal = {Journal of Applied Fire Science},
	Pages = {307},
	Title = {{Experimental Evaluation of the Zone Models {CFAST}, {FAST} and {CCFM.VENTS}}},
	Volume = {2},
	Year = {1992-1993}}

@article{Chow:1995,
	Author = {Chow, W.},
	Date-Added = {2008-03-03 10:39:40 -0500},
	Date-Modified = {2008-07-01 14:57:55 -0400},
	Journal = {Journal of Fire Sciences},
	Pages = {89},
	Title = {{Studies on Closed Chamber Fires}},
	Volume = {13},
	Year = {1995}}

@article{Lui:2003,
	Author = {Lui, G. and Chow, W.},
	Date-Added = {2008-03-03 10:37:32 -0500},
	Date-Modified = {2008-07-01 14:49:31 -0400},
	Journal = {International Journal on Engineering Performance-Based Fire Codes},
	Pages = {30},
	Title = {{A Short Note on Experimental Verification of Zone Models with an Electric Heater}},
	Volume = {5},
	Year = {2003}}

@techreport{FDS_Tech_Guide_5,
	Address = {Gaithersburg, Maryland},
	Author = {McGrattan, K.B. and Hostikka, S. and Floyd, J.E. and Baum, H.R. and Rehm, R.G.},
	Date-Added = {2008-03-03 10:35:44 -0500},
	Date-Modified = {2008-03-03 10:35:44 -0500},
	Institution = {National Institute of Standards and Technology},
	Month = {October},
	Number = {1018-5},
	Title = {{Fire Dynamics Simulator (Version 5), Technical Reference Guide}},
	Type = {NIST Special Publication},
	Year = 2007}

@techreport{Floyd:2002,
	Author = {Floyd, J.},
	Date-Added = {2008-03-03 10:31:04 -0500},
	Date-Modified = {2008-07-01 14:55:09 -0400},
	Institution = {National Institute of Standards and Technology},
	Number = {6866},
	Title = {{Comparison of CFAST and FDS for Fire Simulation With the HDR T51 and T52 Tests}},
	Type = {NISTIR},
	Year = {2002}}

@article{McCaffrey:1983,
	Author = {McCaffrey, B. J.},
	Date-Added = {2008-03-03 10:23:35 -0500},
	Date-Modified = {2008-07-01 14:47:46 -0400},
	Journal = {Combustion and Flame},
	Pages = {149},
	Title = {{Momentum Implications for Buoyant Diffusion Flames}},
	Volume = {52},
	Year = {1983}}

@article{Bukowski:1992,
	Author = {Bukowski, R. W.},
	Date-Added = {2008-03-03 10:07:04 -0500},
	Date-Modified = {2008-07-01 14:58:29 -0400},
	Journal = {Fire and Arson Investigator},
	Pages = {36},
	Title = {{Analysis of the Happyland Social Club Fire with HAZARD I}},
	Volume = {42},
	Year = {1992}}

@article{Chow:1996,
	Author = {Chow, W.},
	Date-Added = {2008-03-03 10:05:19 -0500},
	Date-Modified = {2008-07-01 14:58:04 -0400},
	Journal = {Journal of Applied Fire Science},
	Number = {3},
	Pages = {243-268},
	Title = {{Preliminary Studies of a Large Fire in Hong Kong}},
	Volume = {6},
	Year = {1996/1997}}

@article{Bukowski:1996,
	Author = {Bukowski, R. W.},
	Date-Added = {2008-03-03 10:03:46 -0500},
	Date-Modified = {2008-07-01 14:58:42 -0400},
	Journal = {Fire Engineers Journal},
	Number = {185},
	Pages = {14-17},
	Title = {{Modeling a Backdraft Incident: The 62 Watts Street (New York) Fire}},
	Volume = {56},
	Year = {1996}}

@article{Rockett:1985,
	Author = {Rockett, J. A. and Morita, M.},
	Date-Added = {2008-03-03 10:01:37 -0500},
	Date-Modified = {2008-07-01 14:43:15 -0400},
	Journal = {Fire Science and Technology},
	Number = {2},
	Pages = {159-164},
	Title = {{The NBS Harvard VI Multi-room Fire Simulation}},
	Volume = {5},
	Year = {1985}}

@article{Jones:1985,
	Author = {Jones, W. W.},
	Date-Added = {2008-03-03 09:59:50 -0500},
	Date-Modified = {2008-07-01 14:50:43 -0400},
	Journal = {Fire Safety Journal},
	Number = {1},
	Pages = {172},
	Title = {{Multicompartment Model for the Spread of Fire, Smoke and Toxic Gases}},
	Volume = {9},
	Year = {1985}}

@techreport{Hagglund:1980,
	Author = {H\"{a}gglund, B.},
	Date-Added = {2008-02-28 16:20:57 -0500},
	Date-Modified = {2008-07-01 14:54:28 -0400},
	Institution = {Forsvarets Forkningsanstalt},
	Number = {C 202369-A3},
	Title = {{Estimating Flashover Potential in Residential Rooms}},
	Type = {FOA Rapport},
	Year = {1980}}

@article{McCaffrey:1981uq,
	Author = {McCaffrey, B. J. and Quintiere, J. G. and Harkleroad, M. F.},
	Date-Added = {2008-02-28 16:12:18 -0500},
	Date-Modified = {2008-07-01 14:48:02 -0400},
	Journal = {Fire Technology},
	Number = {2},
	Pages = {98-119},
	Title = {{Estimating Room Temperatures and the Likelihood of Flashover Using Fire Test Data Correlations}},
	Volume = {17},
	Year = {1981}}

@article{Thomas:1981fk,
	Author = {Thomas, P. H.},
	Date-Added = {2008-02-28 16:10:26 -0500},
	Date-Modified = {2008-07-01 14:42:23 -0400},
	Journal = {Fire and Materials},
	Pages = {103-111},
	Title = {{Testing Products and Materials for Their Contribution to Flashover in Rooms}},
	Volume = {5},
	Year = {1981}}

@article{Valid:DealandBeyler,
	Author = {Deal, S. and Beyler, C.},
	Date-Added = {2008-02-28 16:07:38 -0500},
	Date-Modified = {2011-06-02 11:14:24 -0400},
	Journal = {Journal of Fire Protection Engineering},
	Number = {2},
	Pages = {33-48},
	Title = {{Correlating Preflashover Room Fire Temperatures}},
	Volume = {2},
	Year = {1990}}

@article{Valid:Babrauskas_Flashover,
	Author = {Babrauskas, V.},
	Date-Added = {2008-02-28 16:04:30 -0500},
	Date-Modified = {2008-07-01 14:59:53 -0400},
	Journal = {Journal of Fire Sciences},
	Month = {January/February},
	Number = {1},
	Pages = {5-19},
	Title = {{Upholstered Furniture Room Fires--Measurements, Comparison with Furniture Calorimeter Data, and Flashover Predictions}},
	Volume = {2},
	Year = {1984}}

@article{Valid:Peacock_Flashover_2,
	Author = {Babrauskas, V. and Peacock, R. D. and Reneke, P. A.},
	Date-Added = {2008-02-28 15:37:14 -0500},
	Date-Modified = {2008-07-01 15:00:04 -0400},
	Journal = {Fire Safety Journal},
	Pages = {613-622},
	Title = {{Defining Flashover for Fire Hazard Calculations: Part II}},
	Volume = {38},
	Year = {2003}}

@article{Valid:Peacock_Flashover_1,
	Author = {Peacock, R. D. and Reneke, P. A. and Bukowski, R. W. and Babrauskas, V.},
	Date-Added = {2008-02-28 15:35:46 -0500},
	Date-Modified = {2008-07-01 14:44:48 -0400},
	Journal = {Fire Safety Journal},
	Number = {4},
	Pages = {331-345},
	Title = {{Defining Flashover for Fire Hazard Calculations}},
	Volume = {32},
	Year = {1999}}

@article{Valid:White,
	Author = {White, D. and Beyler, C. and Scheffrey, J. and Williams, F.},
	Date-Added = {2008-02-28 15:31:55 -0500},
	Date-Modified = {2011-06-02 11:14:02 -0400},
	Journal = {Journal of Fire Protection Engineering},
	Title = {{Modeling the Impact of Post-Flashover Shipboard Fires on Adjacent Spaces}},
	Volume = {10},
	Year = {2000}}

@article{Valid:Collier,
	Author = {Collier, P.},
	Date-Added = {2008-02-28 15:30:29 -0500},
	Date-Modified = {2008-07-01 14:57:13 -0400},
	Journal = {Fire Technology},
	Month = {August/September},
	Pages = {195},
	Title = {{Fire in a Residential Building: Comparisons Between Experimental Data and a Fire Zone Model}},
	Volume = {32},
	Year = {1996}}

@article{Valid:Luo_Flashover,
	Author = {Luo, M. and He, Y. and Beck, V.},
	Date-Added = {2008-02-28 15:28:06 -0500},
	Date-Modified = {2008-07-01 14:49:07 -0400},
	Journal = {Fire Safety Journal},
	Pages = {1},
	Title = {{Application of Field Model and Two-Zone Model to Flashover Fires in a Full-Scale Multi-Room Single Level Building}},
	Volume = {29},
	Year = {1997}}

@article{Valid:Chow_Flashover,
	Author = {Chow, W.},
	Date-Added = {2008-02-28 15:22:28 -0500},
	Date-Modified = {2008-07-01 14:58:13 -0400},
	Journal = {Journal of Fire Sciences},
	Month = {September/October},
	Pages = {335},
	Title = {{Predicability of Flashover by Zone Models}},
	Volume = {16},
	Year = {1988}}

@article{Models:BRI,
	Author = {Tanaka, T.},
	Date-Added = {2008-02-28 15:09:10 -0500},
	Date-Modified = {2008-07-01 14:43:03 -0400},
	Journal = {Fire Science and Technology},
	Number = {2},
	Pages = {105-121},
	Title = {{Model of Multiroom Fire Spread}},
	Volume = {3},
	Year = {1983}}

@article{Valid:Duong,
	Author = {Duong, D. Q.},
	Date-Added = {2008-02-28 15:03:13 -0500},
	Date-Modified = {2008-07-01 14:55:19 -0400},
	Journal = {Fire Safety Journal},
	Pages = {415},
	Title = {{The Accuracy of Computer Fire Models: Some Comparisons with Experimental Data from Australia}},
	Volume = {16},
	Year = {1990}}

@techreport{Valid:Levine,
	Author = {Levine, R. S. and Nelson, H. E.},
	Date-Added = {2008-02-28 15:00:22 -0500},
	Date-Modified = {2008-07-01 14:49:39 -0400},
	Institution = {National Institute of Standards and Technology},
	Number = {90-4168},
	Title = {{Full Scale Simulation of a Fatal Fire and Comparison of Results with Two Multiroom Models}},
	Type = {NISTIR},
	Year = {1990}}

@inproceedings{Valid:Jones,
	Address = {Tokyo, Japan},
	Author = {Jones, W. W. and Peacock, R. D.},
	Booktitle = {Fire Safety Science. Proceedings. 2nd International Symposium},
	Date-Added = {2008-02-28 14:54:54 -0500},
	Date-Modified = {2008-07-01 14:50:52 -0400},
	Editor = {Wakamatsu, T. and Hasemi, Y. and Sekizawa, A. and Seeger, P. G. and Pagni, P. J. and Grant, C. E.},
	Month = {June 13-17},
	Organization = {International Association for Fire Safety Science},
	Pages = {897-906},
	Publisher = {Hemisphere Publishing Corporation},
	Title = {{Refinement and Experimental Verification of a Model for Fire Growth and Smoke Transport}},
	Year = {1988}}

@techreport{Models:FPETool,
	Author = {Nelson, H. E.},
	Date-Added = {2008-02-28 13:04:49 -0500},
	Date-Modified = {2008-07-01 14:46:54 -0400},
	Institution = {National Institute of Standards and Technology},
	Number = {4380},
	Title = {{FPETOOL: Fire Protection Engineering Tools for Hazard Estimation}},
	Type = {NISTIR},
	Year = {1990}}

@techreport{Models:FAST,
	Author = {Jones, W. W. and Peacock, R. D.},
	Date-Added = {2008-02-28 13:03:22 -0500},
	Date-Modified = {2008-07-01 14:51:03 -0400},
	Institution = {National Institute of Standards and Technology},
	Number = {1262},
	Title = {{Technical Reference Guide for FAST Version 18}},
	Type = {Technical Note},
	Year = {1989}}

@techreport{Models:FIRST,
	Author = {Mitler, H. E. and Rockett, J. A.},
	Date-Added = {2008-02-28 12:55:36 -0500},
	Date-Modified = {2008-07-01 14:47:29 -0400},
	Institution = {National Institute of Standards and Technology},
	Month = {September},
	Number = {87-3595},
	Title = {{Users' Guide to FIRST, A Comprehensive Single-Room Fire Model}},
	Type = {NBSIR},
	Year = {1987}}

@techreport{Models:CCFM,
	Author = {Cooper, L. Y. and Forney, G. P.},
	Date-Added = {2008-02-28 12:51:43 -0500},
	Date-Modified = {2008-07-01 14:56:57 -0400},
	Institution = {National Institute of Standards and Technology},
	Number = {4342},
	Title = {{The Consolidated Compartment Fire Model ({CCFM}) Computer Application {CCFM-VENTS} -- Part {I}: Physical Reference Guide}},
	Type = {NISTIR},
	Year = {1990}}

@inproceedings{Valid:Deal,
	Address = {Ponte Verde Beach, Florida},
	Author = {Deal, S.},
	Booktitle = {Proceedings of the Annual Meeting of the Fire Retardant Chemicals Association},
	Date-Added = {2008-02-28 12:46:21 -0500},
	Date-Modified = {2008-07-01 14:55:48 -0400},
	Month = {October 21-24},
	Organization = {Fire Retardant Chemicals Association},
	Pages = {33-51},
	Title = {{A Review of Four Compartment Fires with Four Compartment Fire Models}},
	Volume = {Fire Safety Developments and Testing},
	Year = {1990}}

@article{Valid:Davis_Plumes,
	Author = {Davis, W. D.},
	Date-Added = {2008-02-28 11:16:06 -0500},
	Date-Modified = {2008-07-01 14:55:59 -0400},
	Journal = {Journal of Fire Protection Engineering},
	Pages = {9},
	Title = {{Comparison of Algorithms to Calculate Plume Centerline Temperature and Ceiling Jet Temperature With Experiments}},
	Volume = {12},
	Year = {2002}}

@article{Valid:Bailey_Vertical_Heat,
	Author = {Bailey, J. L. and Tatem, P. A. and Jones, W. W. and Forney, G. P.},
	Date-Added = {2008-02-28 10:47:59 -0500},
	Date-Modified = {2008-07-01 14:59:19 -0400},
	Journal = {Fire Technology},
	Number = {2},
	Pages = {139},
	Title = {{Development of an Algorithm to Predict Vertical Heat Transfer Trough Ceiling/Floor Conduction}},
	Volume = {34},
	Year = {1998}}

@techreport{Valid:Bailey_Shadwell,
	Author = {Bailey, J. and Tatem, P.},
	Date-Added = {2008-02-28 10:44:59 -0500},
	Date-Modified = {2008-07-01 14:59:37 -0400},
	Institution = {Naval Research Laboratory},
	Number = {NRL/MR/6180-95-7781},
	Title = {{Validation of Fire/Smoke Spread Model {(CFAST)} Using Ex-{USS SHADWELL} Internal Ship Conflagration Control ({ISCC}) Fire Tests}},
	Year = {1995}}

@techreport{Valid:Poole,
	Author = {Poole, G. M. and Weckman, E. J. and Strong, A. B.},
	Date-Added = {2008-02-28 10:43:43 -0500},
	Date-Modified = {2008-07-01 14:43:35 -0400},
	Institution = {National Institute of Standards and Technology},
	Number = {5499},
	Title = {{Fire Growth Rates in Structural Fires}},
	Type = {NISTIR},
	Year = {1994}}

@article{Valid:Luo,
	Author = {Luo, M. and He, Y. and Beck, V.},
	Date-Added = {2008-02-28 10:29:54 -0500},
	Date-Modified = {2008-07-01 14:49:19 -0400},
	Journal = {Journal of Applied Fire Science},
	Number = {4},
	Pages = {357},
	Title = {{Comparison of Existing Fire Model Predictions With Experimental Results From Real Fire Scenarios}},
	Volume = {6},
	Year = {1996/1997}}

@article{Valid:He,
	Author = {He, Y. and Beck, V.},
	Date-Added = {2008-02-28 10:28:45 -0500},
	Date-Modified = {2008-07-01 14:53:24 -0400},
	Journal = {Fire Safety Journal},
	Number = {2},
	Pages = {139},
	Title = {{Smoke Spread Experiment in a Multi-Storey Building and Computer Modeling}},
	Volume = {28},
	Year = {1997}}

@inproceedings{Valid:Pitts,
	Address = {West Conshohocken, PA},
	Author = {Pitts, W. M. and Braun, E. and Peacock, R. D. and Mitler, H. E. and Johnsson, E. L. and Reneke, P. A. and Blevins, L. G.},
	Booktitle = {Thermal Measurements: The Foundation of Fire Standards},
	Date-Added = {2008-02-28 10:23:08 -0500},
	Date-Modified = {2008-07-01 14:43:46 -0400},
	Organization = {American Society for Testing and Materials},
	Series = {Special Technical Publication 1427},
	Title = {{Temperature Uncertainties for Bare-Bead and Aspirated Thermocouple Measurements in Fire Environments}},
	Year = {2001}}

@manual{UBC,
	Address = {Whittier, CA},
	Date-Added = {2008-02-28 10:21:26 -0500},
	Date-Modified = {2008-02-28 10:22:35 -0500},
	Organization = {International Conference of Building Officials},
	Title = {1997 Uniform Building Code},
	Year = {1997}}

@article{Valid:Dempsey,
	Author = {Dempsey, N. A. and Pagni, P. J. and Williamson, R. B.},
	Date-Added = {2008-02-28 10:11:53 -0500},
	Date-Modified = {2008-07-01 14:55:31 -0400},
	Journal = {Fire Safety Journal},
	Number = {3},
	Pages = {187},
	Title = {{Compartment Fire Experiments: Comparison With Models}},
	Volume = {25},
	Year = {1995}}

@book{DASSL,
	Address = {New York},
	Author = {Brenan, K. E. and Campbell, S. L. and Petzold, L. R.},
	Date-Added = {2008-02-27 15:58:55 -0500},
	Date-Modified = {2008-12-05 13:41:53 -0500},
	Publisher = {Elsevier Science Publishing},
	Title = {{Numerical Solution of Initial-Value Problems in Differential-Algebraic Equations}},
	Year = {1989}}

@techreport{Forney_radiation,
	Author = {Forney, G. P.},
	Date-Added = {2008-02-27 15:53:18 -0500},
	Date-Modified = {2008-07-01 14:54:36 -0400},
	Institution = {National Institute of Standards and Technology},
	Number = {4709},
	Title = {{Computing Radiative Heat Transfer Occurring in a Zone Fire Model}},
	Type = {NISTIR},
	Year = {1991}}

@techreport{CFAST_Users_Guide_7,
	Address = {Gaithersburg, Maryland},
	Author = {Peacock, R. D. and Reneke, P. A. and Forney, G. P.},
	Date-Added = {2008-02-21 12:45:02 -0500},
	Date-Modified = {2015-03-10 14:16:51 +0000},
	Institution = {National Institute of Standards and Technology},
	Month = {July},
	Number = {xxxx},
	Title = {{CFAST} -- {Consolidated Fire And Smoke Transport (Version 7) Volume 1: User's Guide}},
	Type = {Technical Note},
	Year = 2015}

@manual{ASTM:E1355,
	Address = {West Conshohocken, Pennsylvania},
	Date-Added = {2008-02-21 09:45:30 -0500},
	Date-Modified = {2008-02-21 09:45:30 -0500},
	Organization = {American Society for Testing and Materials},
	Title = {{ASTM E 1355-04, Standard Guide for Evaluating the Predictive Capabilities of Deterministic Fire Models}},
	Year = 2004}

@techreport{Smokeview_Users_Guide_5,
	Address = {Gaithersburg, Maryland},
	Author = {Forney, G. P.},
	Date-Added = {2008-02-21 09:34:21 -0500},
	Date-Modified = {2008-07-01 14:54:47 -0400},
	Institution = {National Institute of Standards and Technology},
	Month = {August},
	Number = {1017-1},
	Title = {{User's Guide for Smokeview Version 5 - A Tool for Visualizing Fire Dynamics Simulation Data}},
	Type = {Special Publication},
	Year = 2007}

@techreport{CFAST_Tech_Guide_6,
	Address = {Gaithersburg, Maryland},
	Author = {Peacock, R. D. and Forney, G. P. and Reneke, P. A.},
	Date-Added = {2008-02-21 09:34:21 -0500},
	Date-Modified = {2015-03-10 14:18:34 +0000},
	Institution = {National Institute of Standards and Technology},
	Month = {October},
	Number = {1026r1},
	Title = {{CFAST} -- {Consolidated Model of Fire Growth and Smoke Transport (Version 6): Technical Reference Guide}},
	Type = {Special Publication},
	Year = 2011}

@techreport{Smokeview_Tech_Guide_5,
	Address = {Gaithersburg, Maryland},
	Author = {Forney, G. P.},
	Date-Added = {2008-02-21 09:34:21 -0500},
	Date-Modified = {2008-07-01 14:55:01 -0400},
	Institution = {National Institute of Standards and Technology},
	Month = {June},
	Number = {1077},
	Title = {{Smokeview (Version 5) Technical Reference Guide}},
	Type = {Special Publication},
	Year = 2007}
